%% This BibTeX bibliography file was created using BibDesk.
%% http://bibdesk.sourceforge.net/


%% Created for Pavel Straňák at 2011-06-03 11:03:51 +0200 


%% Saved with string encoding Unicode (UTF-8) 



@inproceedings{marek:2007,
	Author = {Marek, Michal and Pecina, Pavel},
	Booktitle = {CleanEval},
	Date-Added = {2011-06-03 11:02:35 +0200},
	Date-Modified = {2011-06-03 11:03:51 +0200},
	Local-Url = {file://localhost/Users/stranak/Literatura/Papers/marek/07web%20page%20cleaning%20with%20conditional%20random.pdf},
	Note = {submitted to CleanEval 2007},
	Title = {Web Page Cleaning with Conditional Random Fields},
	Year = {2007},
	Bdsk-File-1 = {YnBsaXN0MDDUAQIDBAUIJidUJHRvcFgkb2JqZWN0c1gkdmVyc2lvblkkYXJjaGl2ZXLRBgdUcm9vdIABqAkKFRYXGyIjVSRudWxs0wsMDQ4RFFpOUy5vYmplY3RzV05TLmtleXNWJGNsYXNzog8QgASABqISE4ACgAOAB1lhbGlhc0RhdGFccmVsYXRpdmVQYXRo0hgNGRpXTlMuZGF0YU8RAhIAAAAAAhIAAgAADE1hY2ludG9zaCBIRAAAAAAAAAAAAAAAAAAAAMiZRtZIKwAAABJYiR8wN3dlYiBwYWdlIGNsZWFuaW5nICMxMjU4OEEucGRmAAAAAAAAAAAAAAAAAAAAAAAAAAAAAAAAAAAAAAAAAAAAEliKwsZP5lBERiBDQVJPAAEABAAACSAAAAAAAAAAAAAAAAAAAAAFbWFyZWsAABAACAAAyJkqtgAAABEACAAAwsYzxgAAAAEAFAASWIkAElfoABITMQAOTt4ADkoSAAIAUk1hY2ludG9zaCBIRDpVc2VyczpzdHJhbmFrOkxpdGVyYXR1cmE6UGFwZXJzOm1hcmVrOjA3d2ViIHBhZ2UgY2xlYW5pbmcgIzEyNTg4QS5wZGYADgBgAC8AMAA3AHcAZQBiACAAcABhAGcAZQAgAGMAbABlAGEAbgBpAG4AZwAgAHcAaQB0AGgAIABjAG8AbgBkAGkAdABpAG8AbgBhAGwAIAByAGEAbgBkAG8AbQAuAHAAZABmAA8AGgAMAE0AYQBjAGkAbgB0AG8AcwBoACAASABEABIAVVVzZXJzL3N0cmFuYWsvTGl0ZXJhdHVyYS9QYXBlcnMvbWFyZWsvMDd3ZWIgcGFnZSBjbGVhbmluZyB3aXRoIGNvbmRpdGlvbmFsIHJhbmRvbS5wZGYAABMAAS8AABUAAgAO//8AAIAF0hwdHh9YJGNsYXNzZXNaJGNsYXNzbmFtZaMfICFdTlNNdXRhYmxlRGF0YVZOU0RhdGFYTlNPYmplY3RfEEouLi9MaXRlcmF0dXJhL1BhcGVycy9tYXJlay8wN3dlYiBwYWdlIGNsZWFuaW5nIHdpdGggY29uZGl0aW9uYWwgcmFuZG9tLnBkZtIcHSQloiUhXE5TRGljdGlvbmFyeRIAAYagXxAPTlNLZXllZEFyY2hpdmVyAAgAEQAWAB8AKAAyADUAOgA8AEUASwBSAF0AZQBsAG8AcQBzAHYAeAB6AHwAhgCTAJgAoAK2ArgCvQLGAtEC1QLjAuoC8wNAA0UDSANVA1oAAAAAAAACAQAAAAAAAAAoAAAAAAAAAAAAAAAAAAADbA==}}

@article{Fredkin:1960,
	Acmid = {367400},
	Address = {New York, NY, USA},
	Author = {Fredkin, Edward},
	Doi = {http://doi.acm.org/10.1145/367390.367400},
	Issn = {0001-0782},
	Issue = {9},
	Issue_Date = {September 1960},
	Journal = {Commun. ACM},
	Month = {September},
	Numpages = {10},
	Pages = {490--499},
	Publisher = {ACM},
	Title = {Trie memory},
	Url = {http://doi.acm.org/10.1145/367390.367400},
	Volume = {3},
	Year = {1960},
	Bdsk-Url-1 = {http://doi.acm.org/10.1145/367390.367400}}

@inproceedings{Whittaker_Raj:2001,
	Author = {Whittaker, E. W. D. and Raj, B.},
	Booktitle = {European Conference on Speech Communication and Technology},
	Masid = {2325947},
	Title = {Quantization-based Language Model Compression},
	Year = {2001}}

@inproceedings{kneser_ney:1995,
	Author = {Kneser, R. and Ney, H.},
	Booktitle = {Acoustics, Speech, and Signal Processing, 1995. ICASSP-95., 1995 International Conference on},
	Date-Modified = {2011-06-03 10:32:33 +0200},
	Doi = {10.1109/ICASSP.1995.479394},
	Journal = {Acoustics, Speech, and Signal Processing, 1995. ICASSP-95., 1995 International Conference on},
	Keywords = {smoothing},
	Pages = {181--184 vol.1},
	Posted-At = {2008-10-22 00:20:31},
	Priority = {2},
	Title = {{Improved backing-off for M-gram language modeling}},
	Url = {http://dx.doi.org/10.1109/ICASSP.1995.479394},
	Volume = {1},
	Year = {1995},
	Bdsk-Url-1 = {http://dx.doi.org/10.1109/ICASSP.1995.479394}}

@article{viterbi:1967,
	Author = {Viterbi, A. J.},
	Citeulike-Article-Id = {525224},
	Journal = {IEEE Transactions on Information Theory},
	Keywords = {bibtex-import},
	Pages = {260--269},
	Posted-At = {2006-03-01 12:45:42},
	Priority = {0},
	Title = {{Error bounds for convolutional codes and an asymptotically optimal decoding algorithm}},
	Volume = {13},
	Year = {1967}}

@inproceedings{pala:2003,
	Author = {Pala, Karel and Rychl{\'y}, Pavel and Smr{\v z}, Pavel},
	Booktitle = {TEXT, SPEECH AND DIALOGUE},
	Date-Added = {2011-05-20 14:23:17 +0200},
	Date-Modified = {2011-05-20 14:27:18 +0200},
	Doi = {10.1007/978-3-540-39398-6_13},
	Pages = {90--97},
	Publisher = {Springer},
	Series = {Lecture Notes in Computer Science},
	Title = {Text Corpus with Errors},
	Url = {http://springerlink.com/content/wy5yn562rxnwa1pt/},
	Volume = {2807/2003},
	Year = {2003},
	Bdsk-Url-1 = {http://springerlink.com/content/wy5yn562rxnwa1pt/},
	Bdsk-Url-2 = {http://dx.doi.org/10.1007/978-3-540-39398-6_13}}

@inproceedings{busta:2009,
	Address = {Brno},
	Author = {Bu{\v s}ta, Jan and Hlav{\'a}{\v c}kov{\'a}, Dana and Jakub{\'\i}{\v c}ek, Milo{\v s} and Pala, Karel},
	Booktitle = {RASLAN 2009 : Recent Advances in Slavonic Natural Language Processing},
	Date-Added = {2011-05-17 12:03:50 +0000},
	Date-Modified = {2011-05-17 12:05:01 +0000},
	Edition = {1},
	Isbn = {978-80-210-5048-8},
	Pages = {109--119},
	Title = {Classification of Errors in Text},
	Url = {http://nlp.fi.muni.cz/raslan/2009/},
	Year = {2009},
	Bdsk-Url-1 = {http://nlp.fi.muni.cz/raslan/2009/}}

@book{HaDisambiguationRich2004,
	Author = {Haji{\v{c}}, Jan},
	Crossref = {biblio:2004},
	Institution = {{UFAL} {MFF} {UK}},
	Isbn = {80-246-0282-2},
	Publisher = {Nakladatelstv{\'{i}} Karolinum},
	Title = {Disambiguation of Rich Inflection (Computational Morphology of Czech)},
	Year = {2004}}

@book{Russell2003,
	Author = {Russell, Stuart and Norvig, Peter},
	Edition = {2nd edition},
	Publisher = {Prentice-Hall, Englewood Cliffs, NJ},
	Title = {Artificial Intelligence: A Modern Approach},
	Year = {2003}}

@proceedings{Kneser1995,
	Author = {Kneser, R. and Ney, H.},
	Booktitle = {Acoustics, Speech, and Signal Processing, 1995. ICASSP-95., 1995 International Conference on},
	Doi = {10.1109/ICASSP.1995.479394},
	Journal = {Acoustics, Speech, and Signal Processing, 1995. ICASSP-95., 1995 International Conference on},
	Keywords = {kn, smoothing},
	Pages = {181--184 vol.1},
	Posted-At = {2008-10-22 00:20:31},
	Priority = {2},
	Title = {Improved backing-off for M-gram language modeling},
	Url = {http://dx.doi.org/10.1109/ICASSP.1995.479394},
	Volume = {1},
	Year = {1995},
	Bdsk-Url-1 = {http://dx.doi.org/10.1109/ICASSP.1995.479394}}

@techreport{Chen98anempirical,
	Address = {Cambridge, Massachusetts},
	Author = {Chen, Stanley F. and Goodman, Joshua},
	Institution = {Computer Science Group, Harvard University},
	Title = {An Empirical Study of Smoothing Techniques for Language Modeling},
	Year = {1998}}

@inproceedings{Whittaker2001,
	Author = {Whittaker, E. and Ray, B.},
	Booktitle = {In Proceedings of Eurospeech},
	Pages = {33--36},
	Title = {Quantization-based language model compression},
	Year = {2001}}

@inproceedings{Katz1987,
	Author = {Katz, Slava M.},
	Booktitle = {IEEE Transactions on Acoustics, Speech and Signal Processing},
	Pages = {400--401},
	Title = {Estimation of probabilities from sparse data for the language model component of a speech recognizer},
	Year = {1987}}

@misc{SRILMMANPAGE,
	Author = {Yuret, Deniz and Stolcke, Andreas},
	Howpublished = {Available from \url{http://www-speech.sri.com/projects/srilm/manpages/ngram-discount.7.html}},
	Note = {SRILM man pages},
	Title = {ngram-discount - notes on the N-gram smoothing implementations in SRILM}}

@misc{Smith04log-linearmodels,
	Author = {Smith, Noah A.},
	Title = {Log-Linear Models},
	Year = {2004}}

@book{Jurafsky2008,
	Author = {Jurafsky, Daniel and Martin, James H.},
	Day = {09},
	Edition = {Second},
	Howpublished = {Paperback},
	Isbn = {013122798X},
	Keywords = {nlp, syntax},
	Month = {February},
	Posted-At = {2008-06-02 08:56:44},
	Priority = {2},
	Publisher = {Prentice Hall},
	Title = {Speech and Language Processing: An Introduction to Natural Language Processing, Computational Linguistics and Speech Recognition},
	Url = {http://www.worldcat.org/isbn/013122798X},
	Year = {2008},
	Bdsk-Url-1 = {http://www.worldcat.org/isbn/013122798X}}

@inproceedings{Koehn2007,
	Address = {Prague, Czech Republic},
	Author = {Koehn, Philipp and Hoang, Hieu},
	Booktitle = {In Proceedings of EMNLP-CoNLL 2007},
	Title = {Factored Translation Models},
	Year = {2007}}

@article{Zhai2004,
	Address = {New York, NY, USA},
	Author = {Zhai, Chengxiang and Lafferty, John},
	Doi = {10.1145/984321.984322},
	Issn = {1046-8188},
	Journal = {ACM Trans. Inf. Syst.},
	Month = {April},
	Number = {2},
	Pages = {179--214},
	Posted-At = {2007-05-20 23:39:58},
	Priority = {2},
	Publisher = {ACM},
	Title = {A study of smoothing methods for language models applied to information retrieval},
	Url = {http://dx.doi.org/10.1145/984321.984322},
	Volume = {22},
	Year = {2004},
	Bdsk-Url-1 = {http://dx.doi.org/10.1145/984321.984322}}

@inproceedings{OpenFST2007,
	Address = {Berlin, Heidelberg},
	Author = {Allauzen, Cyril and Riley, Michael and Schalkwyk, Johan and Skut, Wojciech and Mohri, Mehryar},
	Booktitle = {CIAA'07: Proceedings of the 12th international conference on Implementation and application of automata},
	Isbn = {3-540-76335-X, 978-3-540-76335-2},
	Location = {Prague, Czech Republic},
	Pages = {11--23},
	Publisher = {Springer-Verlag},
	Title = {OpenFst: a general and efficient weighted finite-state transducer library},
	Year = {2007}}

@inproceedings{WittenBell1991,
	Author = {Witten, I.T. and Bell, T.C},
	Booktitle = {IEEE Transactions on Information Theory},
	Pages = {1085-1094},
	Title = {The Zero-frequency problem: Estimating the probabilities of novel events in adaptive text compression},
	Year = {1991}}

@inproceedings{Church2007,
	Address = {Prague, Czech Republic},
	Author = {Church, Ken and Wa, Redmond and Hart, Ted and Gao, Jianfeng},
	Booktitle = {In Proceedings of EMNLP-CoNLL 2007},
	Title = {Compressing Trigram Language Models With Golomb Coding},
	Year = {2007}}

@misc{Vrana2002,
	Author = {Vr{\'a}na, Jakub},
	Howpublished = {Diploma Thesis},
	Note = {Version 5.10.0},
	Title = {Obnoven{\'\i} diakritiky v {\v c}esk{\'e}m textu},
	Year = {2002}}

@inproceedings{Brill00,
	Address = {Morristown, NJ, USA},
	Author = {Brill, Eric and Moore, Robert C.},
	Booktitle = {ACL '00: Proceedings of the 38th Annual Meeting on Association for Computational Linguistics},
	Doi = {http://dx.doi.org/10.3115/1075218.1075255},
	Location = {Hong Kong},
	Pages = {286--293},
	Publisher = {Association for Computational Linguistics},
	Title = {An improved error model for noisy channel spelling correction},
	Year = {2000},
	Bdsk-Url-1 = {http://dx.doi.org/10.3115/1075218.1075255}}

@inproceedings{Chyby,
	Author = {Pala, Karel and Rychl{\'y}, Pavel and Smr{\v z}, Pavel},
	Booktitle = {Text, Speech and Dialogue},
	Pages = {90--97},
	Publisher = {Springer Verlag},
	Title = {Text Corpus with Errors},
	Year = {2003}}

@article{Mays1991,
	Author = {Mays, Eric and Damerau, Fred J. and Mercer, Robert L.},
	Doi = {DOI: 10.1016/0306-4573(91)90066-U},
	Issn = {0306-4573},
	Journal = {Information Processing \& Management},
	Number = {5},
	Pages = {517 - 522},
	Title = {Context based spelling correction},
	Url = {http://www.sciencedirect.com/science/article/B6VC8-469WV1X-10/2/93f4211e2b7779cae43d8b1dc2db6585},
	Volume = {27},
	Year = {1991},
	Bdsk-Url-1 = {http://www.sciencedirect.com/science/article/B6VC8-469WV1X-10/2/93f4211e2b7779cae43d8b1dc2db6585},
	Bdsk-Url-2 = {http://dx.doi.org/10.1016/0306-4573(91)90066-U}}

@article{Church1991,
	Author = {Church, K. and Gale, W.},
	Journal = {Statistics and Computing},
	Number = {7},
	Pages = {93-103},
	Title = {Probability Scoring for Spelling Correction},
	Volume = {1},
	Year = {1991}}

@article{Peterson1986,
	Address = {New York, NY, USA},
	Author = {Peterson, James L.},
	Doi = {http://doi.acm.org/10.1145/6138.6146},
	Issn = {0001-0782},
	Journal = {Commun. ACM},
	Number = {7},
	Pages = {633--637},
	Publisher = {ACM},
	Title = {A note on undetected typing errors},
	Volume = {29},
	Year = {1986},
	Bdsk-Url-1 = {http://doi.acm.org/10.1145/6138.6146}}

@article{Damerau1964,
	Address = {New York, NY, USA},
	Author = {Damerau, Fred J.},
	Doi = {http://doi.acm.org/10.1145/363958.363994},
	Issn = {0001-0782},
	Journal = {Commun. ACM},
	Number = {3},
	Pages = {171--176},
	Publisher = {ACM},
	Title = {A technique for computer detection and correction of spelling errors},
	Volume = {7},
	Year = {1964},
	Bdsk-Url-1 = {http://doi.acm.org/10.1145/363958.363994}}

@article{Winnow,
	Author = {Golding, Andrew R. and Roth, Dan},
	Issn = {0885-6125},
	Issue = {1},
	Journal = {Machine Learning},
	Keyword = {Computer Science},
	Note = {10.1023/A:1007545901558},
	Pages = {107-130},
	Publisher = {Springer Netherlands},
	Title = {A Winnow-Based Approach to Context-Sensitive Spelling Correction},
	Url = {http://dx.doi.org/10.1023/A:1007545901558},
	Volume = {34},
	Year = {1999},
	Bdsk-Url-1 = {http://dx.doi.org/10.1023/A:1007545901558}}

@article{Diaz:etal:09,
	Address = {New Delhi},
	Author = {D{\'\i}az-Negrillo, Ana and Meurers, Detmar and Valera, Salvador and Wunsch, Holger},
	Editor = {Ja{\'e}n, Mar{\'\i}a Moreno and Basanta, Carmen P{\'e}rez},
	Issn = {0253-9071},
	Journal = {Language Forum},
	Note = {Special Issue on Corpus Linguistics for Teaching and Learning. In Honour of John Sinclair},
	Number = {1--2},
	Pages = {139--154},
	Publisher = {Bahri Publications},
	Title = {Towards interlanguage {POS} annotation for effective learner corpora in {SLA} and {FLT}},
	Url = {http://purl.org/dm/papers/diaz-negrillo-et-al-09.html},
	Volume = 36,
	Year = 2010,
	Bdsk-Url-1 = {http://purl.org/dm/papers/diaz-negrillo-et-al-09.html}}

@inproceedings{hana:etal:10,
	Address = {Uppsala, Sweden},
	Author = {Hana, Jirka and Rosen, Alexandr and {\v S}kodov{\'a}, Svatava and {\v S}tindlov{\'a}, Barbora},
	Booktitle = {Proceedings of the Fourth Linguistic Annotation Workshop},
	Date-Modified = {2011-01-17 17:04:08 +0100},
	Isbn = {978-1-932432-72-5},
	Month = {July},
	Organization = {Association for Computational Linguistics},
	Title = {Error-tagged Learner Corpus of {C}zech},
	Url = {http://utkl.ff.cuni.cz/~rosen/public/hanaetal_law2010.pdf},
	Year = 2010,
	Bdsk-Url-1 = {http://utkl.ff.cuni.cz/~rosen/public/hanaetal_law2010.pdf}}

@inproceedings{spoustova:etal:07,
	Author = {Spoustov{\'{a}}, Drahom{\'{i}}ra and Haji{\v{c}}, Jan and Votrubec, Jan and Krbec, Pavel and Kv{\v{e}}to{\v{n}}, Pavel},
	Booktitle = {Proceedings of the Workshop on Balto-Slavonic Natural Language Processing 2007},
	Crossref = {BaltoSlavonicNatural2007},
	Pages = {67--74},
	Title = {The Best of Two Worlds: Cooperation of Statistical and Rule-Based Taggers for {C}zech},
	Year = {2007}}

@proceedings{BaltoSlavonicNatural2007,
	Address = {Praha, Czechia},
	Institution = {Univerzita Karlova v Praze},
	Isbn = {978-1-932432-88-6},
	Publisher = {Association for Computational Linguistics},
	Title = {Proceedings of the Workshop on Balto-Slavonic Natural Language Processing 2007},
	Venue = {Top hotel Praha},
	Year = {2007}}
